@online{feucht2018,
  title = {Buffer {{Amplifiers}}: {{Design}} \& {{Applications}}},
  shorttitle = {Buffer {{Amplifiers}}},
  author = {Feucht, Dennis},
  date = {2018-05-07T21:31:00+00:00},
  url = {https://www.planetanalog.com/buffer-amplifier-design/},
  urldate = {2023-04-16},
  abstract = {Learn About The Applications of JFET and BJT Buffer Amplifiers, Offset Voltage, and Thermal Distortion. Plus, Find Helpful Schematics and Formulas.},
  langid = {english},
  organization = {{Planet Analog}}
}

@article{haynes1949,
  title = {Investigation of {{Hole Injection}} in {{Transistor Action}}},
  author = {Haynes, J. R. and Shockley, W.},
  date = {1949-02-15},
  journaltitle = {Physical Review},
  shortjournal = {Phys. Rev.},
  volume = {75},
  number = {4},
  pages = {691--691},
  publisher = {{American Physical Society}},
  doi = {10.1103/PhysRev.75.691},
  urldate = {2023-04-16},
  abstract = {DOI:https://doi.org/10.1103/PhysRev.75.691},
  langid = {english}
}

@book{j.a.prufrock2009,
  title = {Lasers and {{Their Applications}} in {{Surface Science}} and {{Technology}}},
  author = {{J. A. Prufrock}},
  date = {2009},
  edition = {2},
  publisher = {{McGraw-Hill}},
  location = {{New York, NY}}
}

@online{microntechnologyinc.2000,
  title = {Double {{Data Rate}} ({{DDR}}) {{SDRAM}}},
  author = {{Micron Technology, Inc.}},
  date = {2000},
  url = {http://download.micron.com/pdf/datasheets/dram/ddr/512MBDDRx4x8x16.pdf}
}

@book{streetman2015,
  title = {Solid {{State Electronic Devices}}: {{Global Edition}}},
  author = {Streetman, Ben G. and Banerjee, Sanjay K.},
  date = {2015-04},
  edition = {7},
  publisher = {{Pearson}},
  location = {{Edinburgh}},
  isbn = {978-1-292-06055-2},
  pagetotal = {632}
}
